@article{ant_colony,
    author =       "Krzysztof Schiff",
    title =        "An Ant Algorithm for the Sudoku Problem",
    journal =      "Journal of Automation, Mobile Robotics \& Intelligent Systems",
    volume =       "9",
    number =       "2",
    pages =        "24--27",
    year =         "2015"
}

@article{harmony,
    author =       "Zong Woo Geem",
    title =        "Harmony Search Algorithm for Solving Sudoku",
    journal =      "11th International Conference, KES 2007, XVII Italian Workshop on Neural Networks, Vietri sul Mare, Italy, September 12-14, 2007. Proceedings, Part I",
    volume =       "1",
    pages =        "371--378",
    year =         "2007",
    DOI = 		   "http://dx.doi.org/10.1007/978-3-540-74819-9_46"
}

@article{genetic,
    author =       "Mantere T.",
    title =        "Solving, rating and generating Sudoku puzzles with GA",
    journal =      "Evolutionary Computation, 2007. CEC 2007. IEEE Congress on",
    volume =       "1",
    pages =        "1382-1389",
    year =         "2007",
    DOI = 		   "http://dx.doi.org/10.1109/CEC.2007.4424632"
}

@article{dsatur,
    author =       "D. Brelaz",
    title =        "New methods to color the vertices of a graph",
    journal =      "Communications of the ACM",
    volume =       "22",
    issue = 	   "4",
    pages =        "251-256",
    year =         "1979",
    DOI = 		   "http://dx.doi.org/10.1109/CEC.2007.4424632"
}

@article{sdo_ldo,
    author =       "Dr. Hussein Al-Omari and Khair Eddin Sabri",
    title =        "New graph coloring algoritms",
    journal =      "American Journal of Mathematics and Statistics",
    volume =       "2",
    issue = 	   "4",
    pages =        "739-741",
    year =         "2006"
}

@article{sdo_ldo,
    author =       "Lim, Zhu, Lou, Rodrigues",
    title =        "Heuristics methods for graph coloring problems",
    journal =      "ACM Symposium on Applied Computing",
    pages =        "933-939",
    year =         "2005"
}